@article{morais2018,
  title={Global drivers of reef fish growth},
  author={Morais, Renato A and Bellwood, David R},
  journal={Fish and Fisheries},
  volume={19},
  number={5},
  pages={874--889},
  year={2018},
  publisher={Wiley Online Library}
}
@article{barneche2018,
  title={The energetics of fish growth and how it constrains food-web trophic structure},
  author={Barneche, Diego R and Allen, Andrew P},
  journal={Ecology letters},
  volume={21},
  number={6},
  pages={836--844},
  year={2018},
  publisher={Wiley Online Library}
}
@article{Froese2018,
abstract = {Froese, R. and D. Pauly. Editors. 2018.FishBase. World Wide Web electronic publication. www.fishbase.org, ( 02/2018 )},
author = {Froese, R. and Pauly, D.},
journal = {World Wide Web electronic publication.},
title = {{FishBase}},
year = {2018}
}
